@incollection{riesen2008iam,
  title={IAM graph database repository for graph based pattern recognition and machine learning},
  author={Riesen, Kaspar and Bunke, Horst},
  booktitle={Structural, Syntactic, and Statistical Pattern Recognition},
  pages={287--297},
  year={2008},
  publisher={Springer}
}
@misc{wikipedia_2020, title={Basic reproduction number}, url={https://en.wikipedia.org/wiki/Basic_reproduction_number}, journal={Wikipedia}, publisher={Wikimedia Foundation}, year={2020}, month={Apr}}
@article{bettencourt_ribeiro_2008, title={Real Time Bayesian Estimation of the Epidemic Potential of Emerging Infectious Diseases}, volume={3}, DOI={10.1371/journal.pone.0002185}, number={5}, journal={PLoS ONE}, author={Bettencourt, Lu√≠s M. A. and Ribeiro, Ruy M.}, year={2008}}