@article{bettencourt_ribeiro_2008, url={https://www.ncbi.nlm.nih.gov/pmc/articles/PMC2366072/}, title={Real Time Bayesian Estimation of the Epidemic Potential of Emerging Infectious Diseases}, volume={3}, DOI={10.1371/journal.pone.0002185}, number={5}, journal={PLoS ONE}, author={Bettencourt, Lu√≠s M. A. and Ribeiro, Ruy M.}, year={2008}}

@article{k-sys, title={Estimating COVID-19's Rt in Real-Time}, url={https://github.com/k-sys/covid-19/blob/master/Realtime R0.ipynb}, journal={GitHub}, author={Kevin Systrom}}

@article{sanche2020high,
  title={High Contagiousness and Rapid Spread of Severe Acute Respiratory Syndrome Coronavirus 2.},
  author={Sanche, Steven and Lin, Yen Ting and Xu, Chonggang and Romero-Severson, Ethan and Hengartner, Nick and Ke, Ruian},
  journal={Emerging infectious diseases},
  volume={26},
  number={7},
  year={2020}
}

@article{pcm_dpc_2020, url={https://github.com/pcm-dpc/COVID-19}, title={DPC COVID-19 GitHub repository}, url={https://github.com/pcm-dpc/COVID-19}, journal={GitHub}, author={Dipartimento di Protezione Civile}, year={2020}}

@article{hyndman1996computing,
  title={Computing and graphing highest density regions},
  author={Hyndman, Rob J},
  journal={The American Statistician},
  volume={50},
  number={2},
  pages={120--126},
  year={1996},
  publisher={Taylor \& Francis Group}
}