@article{padhye2020reconstructed,
  title={Reconstructed diagnostic sensitivity and specificity of the RT-PCR test for COVID-19},
  author={Padhye, Nikhil S},
  journal={medRxiv},
  year={2020},
  publisher={Cold Spring Harbor Laboratory Press}
}

@article{vollmer2020sub,
  title={A sub-national analysis of the rate of transmission of COVID-19 in Italy},
  author={Vollmer, Michaela AC and Mishra, Swapnil and Unwin, H Juliette T and Gandy, Axel and Mellan, Thomas A and Bradley, Valerie and Zhu, Harrison and Coupland, Helen and Hawryluk, Iwona and Hutchinson, Michael and others},
  journal={medRxiv},
  year={2020},
  publisher={Cold Spring Harbor Laboratory Press}
}

@article{flaxman2020report,
  title={Report 13: Estimating the number of infections and the impact of non-pharmaceutical interventions on COVID-19 in 11 European countries},
  author={Flaxman, Seth and Mishra, Swapnil and Gandy, Axel and Unwin, H and Coupland, Helen and Mellan, T and Zhu, Harisson and Berah, T and Eaton, J and Perez Guzman, P and others},
  year={2020}
}

@book{porta2014dictionary,
  title={A dictionary of epidemiology},
  author={Porta, Miquel},
  year={2014},
  publisher={Oxford university press}
}

@article{ceylan2020estimation,
  title={Estimation of COVID-19 prevalence in Italy, Spain, and France},
  author={Ceylan, Zeynep},
  journal={Science of The Total Environment},
  pages={138817},
  year={2020},
  publisher={Elsevier}
}

@article{cushing,
  title={Sindrome di Cushing e Malattia di Cushing: cosa sono?},
  url={https://www.osservatoriomalattierare.it/errore/38-descrizioni/sezioni/5838-sindrome-di-cushing-e-malattia-di-cuschin-cosa-sono},
  publisher={Osservatorio Malattie Rare}
}