@article{wikipedia_2020, url={https://en.wikipedia.org/wiki/Basic_reproduction_number}, title={Basic reproduction number}, journal={Wikipedia}, publisher={Wikimedia Foundation}, year={2020}, month={Apr}}

@article{bettencourt_ribeiro_2008, url={https://www.ncbi.nlm.nih.gov/pmc/articles/PMC2366072/}, title={Real Time Bayesian Estimation of the Epidemic Potential of Emerging Infectious Diseases}, volume={3}, DOI={10.1371/journal.pone.0002185}, number={5}, journal={PLoS ONE}, author={Bettencourt, Luís M. A. and Ribeiro, Ruy M.}, year={2008}}

@article{delamater_street_leslie_yang_jacobsen_2019, url={https://www.ncbi.nlm.nih.gov/pmc/articles/PMC6302597/}, title={Complexity of the Basic Reproduction Number (R0)}, volume={25}, DOI={10.3201/eid2501.171901}, number={1}, journal={Emerging Infectious Diseases}, author={Delamater, Paul L. and Street, Erica J. and Leslie, Timothy F. and Yang, Y. Tony and Jacobsen, Kathryn H.}, year={2019}, pages={1–4}}

@article{k-sys, title={Estimating COVID-19's Rt in Real-Time}, url={https://github.com/k-sys/covid-19/blob/master/Realtime R0.ipynb}, journal={GitHub}, author={Kevin Systrom}}

@article{kissler_tedijanto_lipsitch_grad_2020, url={https://www.medrxiv.org/content/10.1101/2020.03.22.20041079v1}, title={Social distancing strategies for curbing the COVID-19 epidemic}, DOI={10.1101/2020.03.22.20041079}, author={Kissler, Stephen M and Tedijanto, Christine and Lipsitch, Marc and Grad, Yonatan}, year={2020}}

@article{fassina2013modelli, url={http://tesi.cab.unipd.it/44083/1/TESI_FassinaRiccardo.pdf}, title={Modelli matematici per lo studio delle epidemie.(Mathematical models for the study of epidemic diseases)}, author={Fassina, Riccardo}, year={2013}}

@article{ceps_pubblication,
  title={Monitoring Covid-19 contagion growth in Europe. CEPS Working Document No 2020/03, March 2020},
  url={http://aei.pitt.edu/102672/}, 
  author={Agosto, Arianna and Campmas, Alexandra and Giudici, Paolo and Renda, Andrea},
  year={2020}
}

@article{jones_2007, title={Notes On R0}, url={https://web.stanford.edu/~jhj1/teachingdocs/Jones-on-R0.pdf}, journal={Department of Anthropological Sciences - Stanford University}, author={James Holland Jones}, year={2007}, month={May}}

@article{ep_repository_2020, url={https://repo.epiprev.it/index.php/2020/04/10/oltre-il-picco-analisi-e-previsioni-dellepidemia-da-sars-cov-2-in-toscana/}, author={Baccini, Michela and Cereda, Giulia and Viscardi, Cecilia and Gottard, Anna and Mealli, Fabrizia}, title={Oltre il picco: analisi e previsioni dell'epidemia da SARS-CoV-2 in Toscana}, journal={EP Repository}, year={2020}, month={Apr}}

@article{pcm_dpc_2020, url={https://github.com/pcm-dpc/COVID-19}, title={DPC COVID-19 GitHub repository}, url={https://github.com/pcm-dpc/COVID-19}, journal={GitHub}, author={Dipartimento di Protezione Civile}, year={2020}, month={Apr}}

@article{report_2020,
  title={Coronavirus disease 2019 (COVID-19) situation report—56},
  url={https://www.who.int/docs/default-source/coronaviruse/situation-reports/20200316-sitrep-56-covid-19.pdf?sfvrsn=9fda7db2_2}, 
  author={WHO},
  year={2020}
}

@article{department_of_health, url={https://www1.health.gov.au/internet/publications/publishing.nsf/Content/mathematical-models}, 
 title={Using mathematical models to assess responses to an outbreak of an emerged viral respiratory disease}, 
  author={Becker, Niels G and Glass, Kathryn and Barnes, Belinda and Caley, Peter and Philp, David and McCaw, JM and McVernon, Jodie and Wood, James},
  journal={Final Report to the Australian Government Department of Health and Ageing. National Centre for Epidemiology and Population Health, Australian National University},
  year={2006}}