@article{franco2016rapporto,
  title={Rapporto di verosimiglianza del risultato positivo e negativo di un test diagnostico e teorema di Bayes},
  author={Franco, Francesco and Di Napoli, Anteo},
  journal={Giornale di Clinica Nefrologica e Dialisi},
  volume={28},
  number={2},
  pages={134--136},
  year={2016}
}

@article{caraguel2013two,
  title={The two-step Fagan's nomogram: ad hoc interpretation of a diagnostic test result without calculation},
  author={Caraguel, Charles GB and Vanderstichel, Rapha{\"e}l},
  journal={BMJ Evidence-Based Medicine},
  volume={18},
  number={4},
  pages={125--128},
  year={2013},
  publisher={Royal Society of Medicine}
}