@article{jhu, url={https://github.com/CSSEGISandData/COVID-19}, title={Johns Hopkins University COVID-19 GitHub repository}, journal={GitHub}, author={Johns Hopkins University}, year={2020}}

@article{maxdevblock, url={https://github.com/maxdevblock/covid-19-time-series}, title={Max Pierini COVID-19 GitHub repository}, journal={GitHub}, author={Max Pierini}, year={2020}}

@article{lmfit, url={https://lmfit.github.io/lmfit-py/}, title={LMFIT GitHub repository}, journal={GitHub}, author={lmfit}, year={2020}}

@article{willmott2006use,
  title={On the use of dimensioned measures of error to evaluate the performance of spatial interpolators},
  author={Willmott, Cort J and Matsuura, Kenji},
  journal={International Journal of Geographical Information Science},
  volume={20},
  number={1},
  pages={89--102},
  year={2006},
  publisher={Taylor \& Francis}
}

@article{murphy1989skill,
  title={Skill scores and correlation coefficients in model verification},
  author={Murphy, Allan H and Epstein, Edward S},
  journal={Monthly weather review},
  volume={117},
  number={3},
  pages={572--582},
  year={1989}
}

@misc{motulsky2002comparing,
  title={Comparing models and curves, GraphPad Software},
  author={Motulsky, H and Christopoulos, A},
  year={2002},
  publisher={Inc}
}

@book{fabozzi2014basics,
  title={The basics of financial econometrics: Tools, concepts, and asset management applications},
  author={Fabozzi, Frank J and Focardi, Sergio M and Rachev, Svetlozar T and Arshanapalli, Bala G},
  year={2014},
  publisher={John Wiley \& Sons}
}

@article{fitcurves,
  title={Curve Fitting: Linear, Cubic, Polynomial (1-5), Pie‚Äê cewise, Goodness of Fit and Regression Analysis In Python},
  url={https://projects.skill-lync.com/projects/Curve-FItting-In-Python-Assignment-89826},
  author={Zhab Bhat, Adnan}, publisher={Projects - Skill-Lync}
}

@article{hofstra2008comparison,
  title={Comparison of six methods for the interpolation of daily, European climate data},
  author={Hofstra, Nynke and Haylock, Malcolm and New, Mark and Jones, Phil and Frei, Christoph},
  journal={Journal of Geophysical Research: Atmospheres},
  volume={113},
  number={D21},
  year={2008},
  publisher={Wiley Online Library}
}